@Book{beej,
    author = {Brian “Beej Jorgensen” Hall},
    title = {Beej's Guide to Network Programming},
    year = {2009},
}
